@book{Jahne05,
  added-at = {2012-02-07T15:51:35.000+0100},
  address = {Berlin [u.a.]},
  author = {Jähne, Bernd},
  biburl = {https://www.bibsonomy.org/bibtex/2942dd9b29ef6e0613be3881834ef2899/denniskempin},
  description = {Amazon.com: Digital Image Processing (9783540240358): Bernd Jähne: Books},
  interhash = {9ae6d3606fec22d4d255e02e7281fc92},
  intrahash = {942dd9b29ef6e0613be3881834ef2899},
  isbn = {3540240357 9783540240358},
  keywords = {digital image processing},
  publisher = {Springer},
  refid = {254411547},
  timestamp = {2012-02-07T15:51:35.000+0100},
  title = {Digital Image Processing 6th Edition},
  url = {http://www.amazon.com/Digital-Image-Processing-Bernd-J\%C3\%A4hne/dp/3540240357/ref=sr_1_1?s=books&ie=UTF8&qid=1328626244&sr=1-1},
  year = 2005
}

@book{Goodfellow-et-al-2016,
    title={Deep Learning},
    author={Ian Goodfellow and Yoshua Bengio and Aaron Courville},
    publisher={MIT Press},
    note={\url{http://www.deeplearningbook.org}},
    year={2016}
}


@misc{sobel_edge_detector,
    title={Sobel Edge Detector},
    url={http://www.aishack.in/tutorials/sobel-laplacian-edge-detectors/},
    author ={Utkarsh Sinha},
    Urldate = {15.6.2019}
}


@book{Mitchell:1997:ML:541177,
 author = {Mitchell, Thomas M.},
 title = {Machine Learning},
 year = {1997},
 isbn = {0070428077, 9780070428072},
 edition = {1},
 publisher = {McGraw-Hill, Inc.},
 address = {New York, NY, USA},
}


@article{Krizhevsky:2012:ICD:2999134.2999257,
 author = {Krizhevsky, Alex and Sutskever, Ilya and Hinton, Geoffrey E.},
 title = {ImageNet Classification with Deep Convolutional Neural Networks},
 series = {NIPS'12},
 year = {2012},
 url = {http://dl.acm.org/citation.cfm?id=2999134.2999257},
 acmid = {2999257},
 publisher = {Curran Associates Inc.},
} 

@inproceedings{Ren:2015:FRT:2969239.2969250,
 author = {Ren, Shaoqing and He, Kaiming and Girshick, Ross and Sun, Jian},
 title = {Faster R-CNN: Towards Real-time Object Detection with Region Proposal Networks},
 series = {NIPS'15},
 year = {2015},
 url = {http://dl.acm.org/citation.cfm?id=2969239.2969250},
 acmid = {2969250},
 publisher = {MIT Press},
} 

@misc{alphastarblog,
  title="{AlphaStar: Mastering the Real-Time Strategy Game StarCraft II}",
  author={Vinyals, Oriol and Babuschkin, Igor and Chung, Junyoung and Mathieu, Michael and Jaderberg, Max and Czarnecki, Wojciech M. and Dudzik, Andrew and Huang, Aja and Georgiev, Petko and Powell, Richard and Ewalds, Timo and Horgan, Dan and Kroiss, Manuel and Danihelka, Ivo and Agapiou, John and Oh, Junhyuk and Dalibard, Valentin and Choi, David and Sifre, Laurent and Sulsky, Yury and Vezhnevets, Sasha and Molloy, James and Cai, Trevor and Budden, David and Paine, Tom and Gulcehre, Caglar and Wang, Ziyu and Pfaff, Tobias and Pohlen, Toby and Wu, Yuhuai and Yogatama, Dani and Cohen, Julia and McKinney, Katrina and Smith, Oliver and Schaul, Tom and Lillicrap, Timothy and Apps, Chris and Kavukcuoglu, Koray and Hassabis, Demis and Silver, David},
  howpublished={\url{https://deepmind.com/blog/alphastar-mastering-real-time-strategy-game-starcraft-ii/}},
  year={2019}
}

@misc{
antoniou2018data,
title={Data Augmentation Generative Adversarial Networks},
author={Anthreas Antoniou and Amos Storkey and Harrison Edwards},
year={2018},
url={https://openreview.net/forum?id=S1Auv-WRZ},
}


@inproceedings{
gan_works,
title = "Data augmentation using conditional generative adversarial networks for leaf counting in arabidopsis plants",
author = "Yezi Zhu and Marc Aoun and Krijn, {Marcel P.C.M.} and J. Vanschoren",
year = "2018",
}

@misc{cubic_spline,
title={Cubic Spline Interpolation},
author={Glyn A. Holton},
Urldate = {18.7.2019},
url={https://www.value-at-risk.net/cubic-spline-interpolation/},
}

@misc{cubic_spline_2,
title={Cubic interpolation},
author={Paul Breeuwsma},
Urldate = {18.7.2019},
url={https://www.paulinternet.nl/?page=bicubic},
}

@misc{Bicubic_interpolation,
title={Bicubic interpolation},
author={Wikipedoa},
Urldate = {19.7.2019},
url={https://en.wikipedia.org/wiki/Bicubic_interpolation},
}

@MastersThesis{Online_Inspection_of_X-ray_Images,
    author     =     {Thorbjørn Louring Koch},
    title     =     {Online Inspection of X-ray Images},
    school     =     {Copenhagen University},
    address     =     {Denmark},
    year     =     {2017},
}

@misc{hollow_heart1,
    title={Hollow heart in potatoes},
    author={Peter Dawson},
    Urldata = {29.7.2019},
    url = {https://www.agric.wa.gov.au/potatoes/hollow-heart-potatoes},
}

@software{ImageJ,
  author = {{National Institutes of Health, USA}},
  title = {ImageJ},
  url = {https://imagej.nih.gov/ij/},
  version = {1.8},
  date = {2010-02-19},
}

@article{three-sigma-rule,
  Author = {Pukelsheim, Friedrich},
  Title = {The three sigma rule},
  Journal = {The American Statistician},
  Volume = {48},
  Year = {1994},
  Pages = {88--91},
  Keywords = {Chebyshev inequality, Empirical rule}
}



@inproceedings{vae_experiment_1,
author = {Jorge, Javier and Vieco, Jesús and Paredes, Roberto and Sánchez, Joan-Andreu and Miguel Benedí, José},
year = {2018},
month = {01},
pages = {96-104},
title = {Empirical Evaluation of Variational Autoencoders for Data Augmentation},
doi = {10.5220/0006618600960104}
}

@mastersthesis{mastersthesis_vae,
  author       = {Unai Garay Maestre}, 
  title        = {Effective Techniques of the Use of Data Augmentation in Classification Tasks},
  school       = {Universitat d'Alacant},
  year         = 2018,
}


@article{cnn_results,
  author    = {Jiuxiang Gu and
               Zhenhua Wang and
               Jason Kuen and
               Lianyang Ma and
               Amir Shahroudy and
               Bing Shuai and
               Ting Liu and
               Xingxing Wang and
               Gang Wang},
  title     = {Recent Advances in Convolutional Neural Networks},
  journal   = {CoRR},
  volume    = {abs/1512.07108},
  year      = {2015},
  url       = {http://arxiv.org/abs/1512.07108},
  archivePrefix = {arXiv},
  eprint    = {1512.07108},
  timestamp = {Mon, 13 Aug 2018 16:49:11 +0200},
  biburl    = {https://dblp.org/rec/bib/journals/corr/GuWKMSSLWW15},
  bibsource = {dblp computer science bibliography, https://dblp.org}
}